<record><leader>00000cas a22000007a 4500</leader><controlfield tag="001">21506943</controlfield><controlfield tag="008">900510d18651867gauir ne      0    0eng d</controlfield><datafield ind1=" " ind2=" " tag="010"><subfield code="a">sn 90052023 </subfield></datafield><datafield ind1=" " ind2=" " tag="040"><subfield code="a">NLG</subfield><subfield code="b">eng</subfield><subfield code="c">NLG</subfield><subfield code="d">YOX</subfield><subfield code="d">NLG</subfield><subfield code="d">NVJ</subfield><subfield code="d">OCLCQ</subfield><subfield code="d">GUA</subfield><subfield code="d">KRTAS</subfield><subfield code="d">OCLCQ</subfield><subfield code="d">OCLCF</subfield><subfield code="d">OCLCO</subfield></datafield><datafield ind1="1" ind2=" " tag="029"><subfield code="a">AU@</subfield><subfield code="b">000025854942</subfield></datafield><datafield ind1=" " ind2=" " tag="042"><subfield code="a">msc</subfield></datafield><datafield ind1=" " ind2=" " tag="043"><subfield code="a">n-us-ga</subfield></datafield><datafield ind1="0" ind2=" " tag="130"><subfield code="a">Tri-weekly Sumter Republican (Americus, Ga. : 1865)</subfield></datafield><datafield ind1="1" ind2="0" tag="245"><subfield code="a">Tri-weekly Sumter Republican.</subfield></datafield><datafield ind1="1" ind2="3" tag="246"><subfield code="a">Tri weekly Republican</subfield></datafield><datafield ind1="1" ind2="3" tag="246"><subfield code="a">Sumter Republican</subfield></datafield><datafield ind1=" " ind2=" " tag="260"><subfield code="a">Americus, Ga. :</subfield><subfield code="b">C.W. Hancock,</subfield><subfield code="c">1865-[1867]</subfield></datafield><datafield ind1=" " ind2=" " tag="300"><subfield code="a">v.</subfield></datafield><datafield ind1=" " ind2=" " tag="310"><subfield code="a">Triweekly</subfield></datafield><datafield ind1="0" ind2=" " tag="362"><subfield code="a">Vol. 1, no. 13 (Oct. 31, 1865)-</subfield></datafield><datafield ind1="1" ind2=" " tag="362"><subfield code="a">Ceased in 1867.</subfield></datafield><datafield ind1=" " ind2=" " tag="530"><subfield code="a">Also on microfilm: Athens, Ga. : University of Georgia Libraries.</subfield></datafield><datafield ind1=" " ind2="0" tag="651"><subfield code="a">Americus (Ga.)</subfield><subfield code="v">Newspapers.</subfield></datafield><datafield ind1=" " ind2="0" tag="651"><subfield code="a">Sumter County (Ga.)</subfield><subfield code="v">Newspapers.</subfield></datafield><datafield ind1=" " ind2="7" tag="655"><subfield code="a">Newspapers.</subfield><subfield code="2">fast</subfield><subfield code="0">(OCoLC)fst01423814</subfield></datafield><datafield ind1=" " ind2="7" tag="651"><subfield code="a">Georgia</subfield><subfield code="z">Americus.</subfield><subfield code="2">fast</subfield><subfield code="0">(OCoLC)fst01217176</subfield></datafield><datafield ind1=" " ind2="7" tag="651"><subfield code="a">Georgia</subfield><subfield code="z">Sumter County.</subfield><subfield code="2">fast</subfield><subfield code="0">(OCoLC)fst01216008</subfield></datafield><datafield ind1=" " ind2=" " tag="752"><subfield code="a">United States</subfield><subfield code="b">Georgia</subfield><subfield code="c">Sumter</subfield><subfield code="d">Americus.</subfield></datafield><datafield ind1="0" ind2=" " tag="775"><subfield code="t">Weekly Sumter Republican</subfield><subfield code="w">(DLC)sn 85033988</subfield><subfield code="w">(OCoLC)12359181</subfield></datafield><datafield ind1="0" ind2="0" tag="780"><subfield code="t">Tri-weekly Republican (Americus, Ga. : 1865)</subfield><subfield code="w">(DLC)sn 94058031</subfield><subfield code="w">(OCoLC)31633108</subfield></datafield><datafield ind1="0" ind2="0" tag="785"><subfield code="t">Tri-weekly Republican (Americus, Ga. : 1868)</subfield><subfield code="w">(DLC)sn 90052024</subfield><subfield code="w">(OCoLC)21507032</subfield></datafield><datafield ind1=" " ind2=" " tag="938"><subfield code="a">Kirtas Technologies, Inc.</subfield><subfield code="b">KRTS</subfield><subfield code="n">740386</subfield></datafield></record>